@misc{ehuagenda2030,
  title    = {{EHUagenda} 2030 - {Sostenibilidad} - {UPV}/{EHU}},
  url      = {https://www.ehu.eus/es/web/iraunkortasuna/ehuagenda-2030},
  abstract = {EHUagenda 2030 por la sostenibilidad},
  language = {es-ES},
  urldate  = {2024-10-14},
  journal  = {Sostenibilidad}
}
